3096 5194
398 652 450 740 0⁴
605 650 615 674 *

126 881 131 893 ,
195 825 201 846 ’
297 843 300 848 ·
398 810 504 884 tertia
525 809 754 914 profectione
770 835 852 908 cum
870 797 1026 888 militari
1043 837 1154 890 mann
1170 836 1302 889 versus
1320 839 1393 888 ne-

390 935 482 986 ·mus
496 913 680 1012 quoddam
694 909 919 990 condensum
936 931 972 988 ot
992 905 1256 993 montana'loci
1275 931 1390 990 natu·-

395 1037 437 1086 ra
457 1015 652 1089 admodum
679 1019 839 1104 mu‘nita',
863 1017 961 1091 unde
985 1021 1175 1121 peregrini
1198 1019 1296 1092 sccii
1315 1041 1392 1092 no·-

389 1120 467 1190 stri
494 1141 569 1190 non
597 1142 783 1216 nimquam
805 1123 1020 1218 sagittarum
1044 1121 1164 1194 imbre
1187 1119 1232 1194 de
1254 1119 1390 1196 abditis
1427 1161 1429 1165 ·

395 1211 576 1301 silvarum
600 1218 731 1312 fugati,
760 1219 1012 1321 prohdolor!
1049 1224 1196 1296 fuerant
1221 1235 1257 1294 et
1276 1221 1389 1296 rebus
1496 1297 1503 1317 ‚

390 1324 569 1422 spoliati,
584 1325 711 1402 ,acient
730 1319 895 1411 direxit3
930 1341 967 1398 et
984 1351 1081 1400 rrunc
1100 1325 1265 1424 sagittis,
1292 1348 1391 1396 nunc

396 1423 768 1522 gladiiseorundem
797 1425 963 1500 locorum
994 1427 1136 1500 incolas
1158 1429 1389 1527 propulsans

326 1612 329 1627 k
394 1527 597 1599 multorum
630 1530 814 1608 epostris
844 1552 944 1606 arura
971 1528 1040 1630 il'l'
1058 1529 1202 1630 direpta
1237 1531 1403 1629 recepit.

291 1689 300 1694 .
383 1628 639 1730 praedamque
666 1652 740 1702 non
767 1631 954 1705 minimum
985 1655 1111 1730 secum
1135 1633 1294 1705 revexit.
1344 1635 1417 1708 In·

284 1796 290 1806 ,
369 1753 439 1802 =ea
458 1733 717 1829 congressione
737 1735 831 1828 sieqt
853 1748 888 1804 et
906 1737 945 1804 in
963 1722 1290 1829 aliis1Chunratlus
1317 1757 1396 1823 co·¹
1428 1789 1433 1819 (ι

390 1832 470 1906 ‘mes
494 1833 539 1906 de
555 1831 773 1906 D'ornberch
798 1837 941 1924 suenni
964 1837 1094 1908 militis
1123 1850 1160 1910 et
1185 1838 1386 1908 constantis

390 1935 556 2024 officinm
575 1927 751 2010 exercuit.
772 1971 778 1984 ν
802 1935 1039 2010 Postmodum
1055 1934 1252 2010 eorundem
1272 1959 1385 2008 mon-

391 2043 561 2134 t‘anoium
584 2051 630 2109 ‘et
652 2037 829 2110 silvarum
862 2038 1006 2114 incolae
1022 2043 1168 2112 'nuntiis
1202 2037 1385 2136 supplici·-

391 2141 462 2216 bus
483 2143 809 2242 atblmperatorem
832 2143 1078 2226 transmissis,
1104 2136 1297 2241 paceni-de
1319 2163 1385 2212 ce·-

369 2264 472 2321 v'tero
500 2243 577 2317 sibi
600 2239 751 2340 suisque
773 2241 992 2339 poscebant,
1017 2242 1140 2316 forum
1161 2265 1286 2316 rerum
1312 2265 1386 2314 ve·-
1420 2275 1423 2282 ⁴

391 2350 590 2423 nalium‘et
609 2357 735 2418 corttra
758 2343 994 2418 insidiatores
1015 2359 1162 2418 nostros
1183 2343 1270 2443 juge
1289 2365 1384 2415 con-

390 2451 529 2525 silium
542 2442 790 2524 ‚et'nuxilium
818 2449 999 2524 exercitui
1017 2447 1285 2550 promittentes.
1338 2443 1385 2516 Et
1455 2539 1459 2548 .

388 2559 430 2628 in
443 2550 622 2625 indicium
635 2545 785 2647 quidem
797 2544 1006 2623 devotionis
1019 2551 1242 2626 suanVIlI
1256 2568 1381 2643 equos,
1487 2579 1492 2588 ·

296 2690 299 2694 ·
390 2643 458 2756 qui
484 2652 581 2754 apud
602 2675 665 2724 eos
685 2647 801 2722 ablati
820 2648 978 2741 fuerant,
998 2651 1148 2724 domino
1164 2651 1381 2756 Imperatori

283 2807 287 2826 ,
388 2761 639 2832 restituerunt.
691 2752 854 2847 Cumque
871 2752 921 2825 ob
940 2752 1015 2825 fori
1032 2751 1229 2826 admodum
1250 2775 1383 2842 neupa-

340 2867 344 2878 “
385 2863 478 2936 sarii
497 2856 780 2962 promissionem
800 2853 971 2928 dominus
989 2857 1193 2957 Imperator
1210 2849 1384 2954 precibus

388 2986 515 3038 eornm
536 2958 773 3057 adquiescere
792 2955 1029 3047 decrevisset,
1049 2957 1218 3030 misitad
1239 2979 1301 3027 eos
1313 2979 1384 3054 pro

386 3068 584 3140 securitate
599 3053 853 3139 sorissfaciemla
870 3059 1040 3132 abbatem
1055 3055 1249 3158 quemdam
1263 3055 1383 3128 Grae·
1443 3070 1447 3077 “

386 3193 471 3241 cum
489 3153 794 3260 'd'eAdrianopoli
813 3184 895 3234 curn
915 3162 1075 3260 quodam
1088 3183 1200 3235 servo
1220 3157 1383 3262 repeda·-

290 3281 295 3287 '
382 3271 445 3343 rio
467 3267 675 3367 imperiali,
701 3265 766 3360 qui
795 3283 886 3336 mox
912 3267 1053 3363 primae
1072 3268 1195 3338 noctis
1219 3263 1383 3334 contici—
1455 3277 1460 3293 ‘

385 3374 450 3444 nio
475 3369 522 3443 ab
542 3366 713 3461 hostibus
735 3365 1084 3462 supervenientibus
1104 3361 1327 3466 deprehensi
1347 3374 1383 3432 ot
1417 3456 1420 3472 Ι

384 3472 616 3548 membratim
654 3467 830 3568 discerpti
867 3469 995 3567 sicque
1026 3491 1153 3544 onrnes
1180 3463 1382 3553 crudeliter

290 3612 292 3617 ·
386 3590 472 3652 sunt
487 3573 670 3647 decollati.
717 3569 882 3658 Quorum
899 3567 1064 3644 hostium
1080 3567 1298 3667 signiferum
1315 3569 1412 3646 in..

388 3679 488 3764 colae
515 3675 694 3769 silvarum
712 3669 1015 3771 comprehensum
1033 3665 1204 3776 patibulo
1222 3693 1382 3770 suspen-

389 3780 547 3868 derunt,
575 3777 730 3872 aliisque
761 3772 920 3860 residuis
948 3777 1104 3850 insidias
1134 3771 1380 3860 tetenderunt,

388 3884 525 3959 nostris
546 3903 609 3952 eos
634 3881 819 3978 assignare
842 3877 1029 3970 volentes,
1055 3891 1097 3950 ut
1117 3901 1183 3978 per
1202 3873 1272 3948 hos
1293 3897 1381 3948 aus·-
1451 3937 1460 3951 f

387 3989 574 4087 picionem
612 3985 742 4054 mortis
776 3985 992 4056 nuntiorum
1022 3979 1270 4082 imperialium
1296 3997 1380 4048 ase

388 4101 425 4162 et
447 4091 564 4165 asnis
588 4084 789 4158 abolerent.
852 4082 944 4156 Cum
969 4085 1084 4182 igitur
1111 4095 1264 4184 propter
1285 4075 1379 4151 sub·

386 4195 503 4264 tracti
522 4191 598 4262 sori
627 4209 753 4260 rerum
782 4189 969 4259 venalium
998 4200 1037 4259 ot
1056 4183 1241 4258 inhibitae
1270 4180 1379 4255 nobis
1432 4207 1436 4214 ·

293 4337 302 4352 ·
378 4291 697 4368 ’transfretationis
744 4290 1006 4372 necessitatem
1034 4303 1248 4364 nostrorum
1292 4306 1378 4382 erga
