3102 5186
1120 687 1145 763 7
1148 689 1184 762 5-

101 865 104 874 =
184 827 262 898 sice
285 821 331 896 nd
346 823 513 896 Sanctam
533 816 739 924 Sophiam.
752 799 942 924 praesente
962 803 1167 906 universali

137 929 141 940 '
185 924 396 998 Patriarcha
406 923 606 1020 Dosythec,
618 924 987 1024 quingentihomincs
999 924 1171 998 meliores
1246 977 1262 1020 Ν.

120 1049 126 1056 ·
184 1031 391 1100 civitatiset
403 1031 562 1134 imperii.
598 1026 1187 1125 thuotluniversalisPatriar-„

185 1129 255 1204 cha
275 1135 436 1230 exponet
447 1133 624 1228 scriptum
641 1155 745 1201 suum
759 1131 1006 1230 subscriptum
1017 1126 1062 1200 ad
1074 1152 1172 1200 con-
1201 1199 1203 1204 ,

183 1234 426 1304 firmationem
445 1233 649 1336 praesentis
678 1235 791 1330 pacis.
825 1233 871 1306 Et
890 1231 990 1328 qnod
1007 1229 1171 1302 reddidit
1249 1307 1251 1312 ,
1423 1291 1438 1308 ,,

159 1333 324 1406 liberos
348 1336 548 1432 Imperator
569 1333 903 1434 Constantinopolis
930 1355 1055 1406 onmes
1081 1335 1184 1434 capl

183 1448 298 1531 tonet
321 1437 362 1508 in
384 1449 542 1524 terrast
562 1439 601 1507 in
619 1439 713 1506 inari
730 1433 898 1510 homines
918 1437 1067 1535 Imperii
1087 1435 1169 1533 Rc-
1282 1465 1284 1472 ’

130 1567 138 1580 ·
183 1540 300 1620 niani·
321 1560 370 1610 ex
389 1557 465 1635 qno
489 1551 652 1636 tempore
671 1542 808 1637 incepit
829 1561 972 1638 grierra,
993 1539 1074 1610 sive
1098 1561 1172 1636 pe-
1219 1603 1225 1616 ,
1248 1549 1252 1555 ’

183 1642 325 1736 tegrini
341 1637 481 1712 sinerint
499 1641 577 1712 sive
597 1654 829 1711 mercatores.
856 1639 953 1712 Haec
973 1661 1059 1734 ergo
1089 1652 1174 1730 orn-

184 1745 246 1810 nia
269 1765 314 1813 eo
336 1755 445 1844 pacto
467 1740 581 1843 jurata
604 1740 795 1828 etlirmata
815 1755 909 1830 sunt,
931 1753 972 1811 ut
984 1738 1080 1812 infra
1092 1741 1187 1842 XX*

185 1839 335 1916 dicrum·
346 1849 505 1948 spatium
526 1847 748 1915 victoriosus
768 1845 970 1942 Imperator
987 1847 1070 1912 cuin
1090 1865 1174 1913 orn·-

183 1948 224 2018 ni
244 1945 312 2016 ·S.-
329 1949 449 2018 crucis
485 1945 652 2038 exercitu
685 1945 732 2018 ab
760 1944 1009 2044 Atlrinnopoli
1041 1967 1173 2018 versus

182 2045 389 2136 condictum
408 2050 603 2132 transitum
622 2046 827 2147 Ellespouti
855 2050 937 2119 sine
956 2045 1117 2118 laesione
1138 2057 1174 2116 et

182 2149 354 2241 inccndio
375 2150 566 2221 civitatum
588 2163 624 2218 et
639 2149 814 2222 villarum
832 2162 1058 2246 quantocyus
1083 2169 1176 2245 pro-

181 2261 366 2337 moveret,
390 2247 616 2346 haberetque
640 2249 792 2322 liberam
823 2261 1038 2350 potestatem
1063 2273 1173 2346 saepe

182 2348 279 2423 fatus
300 2348 439 2423 Christi
462 2355 645 2422 exercitus
665 2350 804 2449 abst-[ue
823 2354 986 2424 omniurn
1007 2351 1172 2424 Graeco·

181 2476 263 2523 rum
286 2449 511 2524 inhibitione
528 2451 687 2524 tollendi
713 2454 934 2527 frtunentum
961 2466 996 2524 et
1020 2451 1173 2524 ordeum

143 2561 147 2568 “
182 2568 218 2624 et
241 2555 368 2627 vinum
391 2577 509 2650 usque
538 2553 585 2624 ad
613 2559 805 2628 transitum
832 2554 1066 2656 Ellespontic
1111 2553 1172 2627 Ah

181 2655 391 2728 animalium
407 2655 601 2728 solnmodo
621 2669 657 2728 et
667 2661 825 2731 vestium
842 2657 1024 2757 superflua
1036 2659 1174 2757 rapine

180 2771 216 2830 et
250 2758 500 2832 occisionibus
530 2756 678 2830 suorum
707 2759 940 2832 elisisterent0=
989 2759 1032 2832 Io
1059 2756 1171 2862 hujus

180 2859 340 2956 denique
361 2863 419 2949 rei
437 2860 690 2936 certitudinem
711 2885 800 2962 pace
821 2869 926 2961 puraj
953 2859 1054 2932 etad
1072 2885 1112 2932 se
1132 2875 1168 2934 ot

181 2962 228 3032 ad
252 2986 338 3035 snos
363 2962 626 3050 conservanda,
660 2962 932 3036 Sacramentum
952 2968 1175 3060 quingento-

90 3076 94 3086 '
180 3087 263 3135 rum
287 3066 444 3138 militnm
464 3064 510 3139 dc
527 3068 698 3138 exsrcbu
725 3063 862 3138 Christi
876 3066 1168 3164 expostulatum,

180 3167 274 3237 sicut
304 3168 399 3270 apud
425 3166 779 3268 Constantinopolim
807 3165 1040 3268 juraverunt,
1069 3167 1170 3262 quod

180 3281 215 3338 et
235 3268 392 3344 solemni
412 3269 661 3368 ontinespud
683 3267 966 3369 Atlrianopolim
993 3272 1033 3344 in
1055 3293 1169 3367 prae-

181 3374 299 3445 sentia
321 3372 523 3470 legatorum
545 3375 662 3471 ipsius
685 3371 911 3444 celebratum
935 3386 1000 3442 est.
1052 3373 1170 3444 Prae·
1270 3455 1276 3468 ι

133 3477 137 3491 “
180 3483 278 3544 terea
307 3477 456 3550 nuntius
483 3474 638 3549 Soldani
664 3475 788 3573 magni
818 3474 863 3546 ‹le
893 3473 1020 3546 [coitio
1041 3471 1173 3548 Tokili

180 3576 340 3664 nomine,
360 3575 521 3678 prudens
540 3586 575 3648 et
595 3575 775 3648 discretus
794 3589 830 3647 et
848 3573 951 3676 juxta
973 3571 1172 3647 humanum
1199 3574 1200 3578 ’

180 3673 356 3778 judicium
380 3681 578 3754 Dominum,
599 3681 753 3766 timens,
788 3696 869 3750 cum
888 3681 1018 3752 nuntio
1038 3683 1165 3776 Impe-

181 3777 269 3848 riali
284 3777 457 3855 Gotirido
474 3782 590 3852 milite
607 3779 653 3850 de
673 3777 891 3880 Wisinbach
910 3782 1080 3880 primitus
1100 3778 1168 3851 illo
1262 3775 1265 3788 ’
1336 3837 1341 3850 .

184 3878 232 3950 ab
254 3879 509 3955 Illustrissimo
529 3885 752 3980 imperatore
770 3881 921 3969 directo,
940 3885 1167 3980 praescripto

183 3979 243 4050 die
280 3983 459 4056 adventus
497 3989 709 4056 nuntiorum
732 3983 984 4078 ¹Graecorum·
1009 3982 1168 4075 advenit,

182 4087 247 4178 qm
269 4083 375 4157 arnbo
393 4087 435 4156 io
451 4090 660 4188 captivitate
679 4085 1073 4183 Constantinopolitani
1090 4091 1184 4160 lm·

103 4228 111 4240 -
180 4190 365 4286 peratoris
390 4213 459 4288 per
495 4203 577 4262 octo
609 4189 828 4288 septimanas
856 4189 989 4260 misere
1019 4187 1168 4276 (latenti,

99 4395 100 4406 ἵ
179 4287 367 4395 rebusque
382 4293 459 4368 suis
477 4289 624 4368 luerunt
644 4289 788 4368 nudati.
837 4291 908 4368 Hic
929 4291 1054 4390 itaque
1073 4287 1168 4366 Sol·
1339 4299 1342 4307 “
