3096 5194
1006 633 1135 755 ¹ite

152 844 373 952 perterritus
403 841 539 920 invasit
564 839 754 940 regionem
777 837 1007 940 opulentam,
1034 838 1144 913 Fla,
1204 913 1205 920 χ

154 947 316 1024 chiam
342 939 498 1036 iliatam,
537 967 613 1034 pon
636 940 793 1014 multum
816 966 845 1028 a
874 935 1145 1015 Thessalonica

149 1045 370 1139 disturbem
396 1050 437 1120 in
464 1070 535 1146 qua
561 1043 723 1122 rebelles
751 1041 895 1140 aliquot
920 1041 1054 1116 occidit
1074 1040 1146 1143 ab3·

151 1155 440 1249 undantiamquc
467 1146 864 1246 necessariorumplus
893 1169 1001 1244 quam
1031 1151 1142 1219 reve-

152 1253 242 1330 here
270 1258 330 1330 sui
357 1254 584 1356 potuissent,¹
610 1251 774 1338 invenit,
803 1272 912 1346 quam
940 1246 1146 1350 Episcopus

152 1359 380 1434 Patariensie
408 1368 444 1427 et
459 1357 545 1430 Dux
559 1352 761 1428 Dalmatiae
782 1374 864 1446 cum
881 1361 1017 1422 armata
1034 1377 1145 1424 manu
1214 1375 1215 1379 ¹
1322 1401 1340 1450 4

150 1463 358 1562 pro-secuti,
387 1471 422 1530 et
455 1459 530 1557 ipsi
558 1453 644 1560 sitos
672 1469 770 1528 terra
798 1465 901 1556 capta
932 1477 982 1526 ex
999 1454 1144 1556 praeda
1276 1480 1285 1492 ·

149 1561 315 1638 hostium
338 1571 616 1634 onustaveeunt
688 1611 690 1616 ,
1180 1621 1184 1628 ,

234 1665 294 1739 'Et
311 1663 401 1736 dum
421 1663 510 1734 exin
528 1655 727 1760 procedere
744 1669 967 1747 statuerunt,
995 1655 1146 1736 obviam

151 1764 364 1840 habuerunt
395 1761 587 1863 quemdem
615 1761 820 1862 Juppanum
862 1759 925 1834 vel
955 1759 1145 1860 Satrapam

62 1857 64 1864 ¹
150 1867 342 1967 Belgariae
355 1922 369 1957 ‚-
394 1868 460 1964 qui
478 1863 636 1962 quodam
656 1863 822 1938 devictus
844 1860 959 1934 milite
989 1865 1030 1934 in
1046 1864 1148 1936 Bel-

95 2049 98 2058 ¹
127 1975 253 2069 'geria
272 1969 450 2046 uiolentia
466 1967 652 2056 latronum
671 1967 857 2066 captivato
877 1965 974 2039 Duci
993 1963 1143 2040 reddito
1162 1977 1163 1982 ’

96 2137 99 2142 ,
138 2066 277 2172 'pacem
296 2072 371 2144 sibi
391 2085 585 2167 terraeque
606 2093 694 2148 snae
717 2065 764 2140 ab
784 2069 868 2167 ipso
888 2081 923 2138 et
944 2061 992 2138 ab
1009 2068 1145 2142 Aduo-s

150 2188 233 2246 cato
275 2174 500 2282 impetrarit.
577 2169 768 2242 Praeterea
805 2167 993 2270 Aruold
1003 2194 1053 2242 us
1096 2171 1144 2246 de

148 2273 359 2372 Hornberg,
385 2272 527 2346 nobilis
548 2289 693 2369 genere,
720 2268 786 2341 sed
806 2272 1146 2354 animiconstantia
1216 2293 1218 2304 ¹

148 2375 314 2450 nobilior
329 2376 415 2448 dum
434 2399 520 2446 cum
533 2371 691 2446 sedecim
710 2385 851 2445 tantum
869 2375 1017 2457 armatis
1033 2377 1145 2448 sociis

129 2479 330 2576 egregii&
356 2481 452 2550 inter
473 2497 568 2574 quos
585 2489 662 2550 crat
685 2473 923 2566 Lcodicens'is
942 2475 1144 2552 Germanus
1213 2563 1223 2572 ἡ

131 2580 301 2654 ‚Comitis
323 2578 369 2651 de
392 2578 559 2652 Clawien
578 2579 639 2649 rir
663 2581 779 2652 mirae
799 2580 1044 2669 constantiae,
1072 2603 1143 2652 co·-
1223 2618 1247 2638 1-

147 2684 231 2755 miti
249 2681 295 2754 de
305 2682 458 2762 Hellant
471 2681 706 2780 praeparanti
724 2677 769 2752 ad
785 2673 1031 2770 debellandae
1045 2684 1142 2759 acies

147 2783 570 2882 quasdamGraecorum
593 2793 630 2854 et
650 2776 896 2854 Cumanorum
924 2797 1045 2880 essent
1071 2809 1141 2858 00..

146 2887 315 2974 cursuri,
342 2883 466 2957 subito
493 2881 540 2956 ab
567 2882 698 2980 iisdem
730 2880 901 2957 hostibus
922 2885 1141 2984 plusquam

147 2989 323 3059 trecentis
356 2983 542 3085 equitibus
567 2985 843 3078 circumvoluti,
879 2983 967 3058 dum
994 2987 1141 3062 nullum

146 3085 288 3186 refrigii
309 3087 646 3180 locumriderent,
687 3083 883 3162 cohortatu
913 3089 1074 3161 Arnoldi
1099 3105 1141 3164 ut

72 3212 74 3221 ·
145 3189 345 3291 gloriosam
367 3192 577 3264 mortemin
595 3191 890 3290 praelio,·qnam
910 3203 1054 3291 turpem
1073 3191 1140 3264 fu·
1177 3273 1180 3282 ,
1214 3235 1216 3244 s

145 3315 230 3392 gom
251 3291 428 3392 eligerent
448 3289 535 3382 sibi,
562 3291 681 3381 crucis
701 3291 899 3392 tropheum
914 3295 1139 3394 invocantes,

49 3479 52 3488 A
145 3395 280 3468 mirum
298 3396 411 3484 dictu,
436 3395 544 3471 XVII
565 3407 647 3468 cum
661 3400 833 3468 trecentis
853 3419 946 3496 pene
967 3392 1138 3472 hostibus

114 3533 119 3544 =
145 3499 322 3571 acerrime
341 3501 540 3596 congressi,
568 3499 738 3592 attribue
761 3521 888 3586 eorum
906 3499 1138 3596 magnatibus

146 3599 301 3690 occisis,
335 3599 455 3673 tribus
489 3603 597 3698 etiam
628 3601 674 3674 ad
708 3605 842 3673 terram
870 3605 1065 3703 prostratis
1102 3617 1139 3676 et
1240 3645 1245 3650 ·
1295 3601 1297 3607 ’

146 3697 270 3770 multis
297 3702 490 3794 sauciatis,
520 3715 556 3774 et
574 3727 642 3775 sex
661 3703 767 3802 equis
786 3726 915 3778 eorum
933 3703 970 3788 ᾖ)
991 3700 1137 3795 ablatis,
1221 3777 1223 3782 ,

57 3879 60 3890 ,
143 3799 315 3898 reliquos
343 3826 467 3878 omnes
497 3806 536 3877 in
566 3802 689 3904 fugam
716 3799 870 3884 dextera
896 3801 1059 3887 ‘domini
1075 3803 1137 3876 la·-

147 3903 273 3981 ciente,
285 3905 460 3982 virtutem
485 3921 756 3981 converterunt.
808 3907 854 3982 Et
874 3904 965 3980 haec
989 3905 1138 4005 (pridem

148 4003 245 4077 cirea
267 4003 513 4108 Philippolim
533 4009 765 4110 gerebantur.
810 4013 909 4104 Inter
925 4005 1017 4080 baec
1033 4015 1139 4081 s'ere-

146 4105 321 4182 nissimus
335 4113 535 4212 Imperator
555 4111 643 4186 licet
662 4111 770 4213 longe
791 4113 961 4214 superior
980 4126 1074 4184 esset
1094 4115 1134 4184 in
1248 4131 1251 4138 ·

145 4271 440 4294 ——n--u-'u-uu

184 4361 217 4432 *l
235 4341 355 4427 avoc·
375 4363 531 4421 ablatis
553 4368 705 4418 continuet
726 4357 836 4414 Mutum
854 4357 1007 4412 icaeruni'.
1038 4356 1042 4368 ’
