3102 5186
351 705 353 716 .
424 644 484 734 ott!

418 807 595 887 gerarum
615 780 746 860 effossa
770 783 813 858 ad
837 782 1077 884 ignominiam
1101 783 1286 858 exercitus
1300 779 1415 857 Chri-

377 895 398 904 ’“
421 893 492 982 sti,
514 887 625 990 'juxta
643 885 738 980 illud
758 885 986 971 davidicum:
1027 899 1228 986 posuerunt
1245 885 1417 960 mortalia
1501 917 1505 926 ·

422 1011 616 1066 servorum
638 1012 794 1062 ‘suorum
816 1003 881 1062 etc.
934 988 1084 1066 Praeter
1111 987 1227 1063 solius
1258 1012 1418 1070 venera·-

392 1093 514 1184 pilis
542 1089 699 1166 Abbatis
725 1089 1014 1191 Fognrundensie
1054 1090 1260 1188 virgineum
1287 1114 1418 1170 revera

427 1207 583 1297 corpus}
611 1192 710 1292 quod
732 1197 824 1266 mira
844 1195 982 1270 virtute
1002 1193 1270 1273 Deinranscrat
1295 1195 1418 1266 intac-

417 1313 520 1370 tum>
578 1297 730 1372 Interim
760 1299 906 1394 agmina
937 1296 1121 1368 sociorum
1154 1309 1366 1376 nostrorum
1395 1321 1417 1369 a

428 1397 636 1498 Philippoli
655 1421 736 1470 cunr
753 1397 1022 1489 omnilmssuis
1045 1397 1200 1468 sarcinis
1226 1396 1326 1496 jussu
1342 1400 1418 1470 im-

433 1501 570 1599 periali
591 1499 824 1588 recedentes,
859 1503 1043 1574 civitatem
1068 1500 1187 1597 ipsam
1217 1501 1257 1570 in
1289 1497 1419 1572 odium

429 1602 653 1676 Graecorum
662 1601 835 1676 incendio
846 1605 993 1702 penitus
1010 1599 1235 1688 deleverunt,
1247 1614 1282 1674 et
1297 1603 1336 1672 in
1348 1603 1417 1672 iti-

425 1728 514 1778 uere
543 1701 719 1782 nonnulli
740 1707 869 1777 'eorum
886 1703 939 1776 ad
968 1705 1154 1775 civitatem
1177 1704 1326 1780 vorot
1352 1703 1419 1774 di-

428 1819 624 1892 vertentes,
643 1805 763 1904 ipsam
780 1801 899 1878 nihilo
918 1805 1040 1878 minus
1059 1818 1144 1904 post
1160 1805 1315 1905 praedae
1334 1803 1419 1878 sul-

428 1905 587 1982 ficientis
616 1905 869 1993 collectionem
896 1905 1051 1979 flammis
1075 1905 1271 1978 ultricibus
1298 1907 1416 1980 dede-

434 2021 522 2080 runt
551 2021 586 2080 et
615 2006 712 2108 apud
739 2007 1083 2094 Constantiam
1115 2005 1243 2080 diebus
1275 2007 1421 2106 aliquot

431 2109 698 2198 consederunt,
727 2133 919 2208 quousque
946 2111 1153 2184 Dalmatiae.
1167 2111 1256 2183 Dux
1284 2134 1304 2182 a
1332 2107 1419 2182 ccl-

428 2209 559 2310 loquio
587 2213 711 2310 magni
739 2215 883 2286 comitis
909 2212 1060 2296 Serviae
1091 2234 1173 2292 cum
1201 2213 1313 2284 sociis
1341 2215 1421 2298 suis
1461 2277 1480 2298 ,

426 2326 685 2387 reverteretur.
739 2313 855 2400 Quem
875 2338 957 2394 cum
974 2313 1106 2412 grandi
1125 2313 1246 2406 labori
1269 2327 1304 2384 et
1319 2313 1419 2386 hello

260 2445 263 2452 ·
313 2473 317 2484 ,
427 2415 468 2485 in
488 2413 662 2512 Bulgaria
680 2417 861 2488 intentum
879 2415 977 2488 idem
989 2417 1075 2507 Dux
1094 2414 1263 2490 condicto
1282 2415 1418 2488 inloco

429 2538 505 2588 non
524 2518 736 2612 invenisset,
758 2519 887 2598 nuntio
906 2515 953 2587 ad
971 2541 1052 2588 eum
1073 2513 1212 2589 directo
1233 2531 1269 2590 et
1285 2540 1418 2616 recep-
1457 2543 1460 2552 ’

427 2629 467 2687 to
492 2641 663 2706 reversus
683 2632 737 2690 cst
757 2616 944 2691 adsocies
963 2615 1166 2716 suos'a'pud
1185 2613 1416 2706 Constare-

428 2719 556 2792 tiam.
627 2717 775 2792 Exinde
809 2721 924 2817 igitur
956 2721 1123 2792 universi
1161 2731 1419 2820 promoventes

340 2893 341 2899 ,
427 2840 558 2892 versus
587 2819 867 2920 Adrianopolim
896 2836 932 2894 et
964 2822 1114 2894 diverso
1141 2821 1289 2918 quidem
1321 2835 1421 2894 tem·-
1461 2844 1468 2856 *
1530 2833 1531 2854 ³

391 2943 395 2947 ’
425 2940 517 3021 pore
535 2926 652 3023 ipsam
667 2924 854 3010 intrantes,
868 2924 1015 3003 tandem
1025 2926 1065 2994 in
1079 2923 1173 2999 leste
1186 2925 1315 3008 Beatus
1327 2925 1421 2996 Vir·-

425 3025 523 3116 ginis
546 3022 714 3122 Agathae
750 3027 869 3113 omisis
906 3023 1058 3099 insimul
1094 3026 1133 3106 in,
1164 3049 1206 3096 ea
1237 3029 1422 3098 exercitus
1529 3109 1530 3120 χ

425 3118 566 3214 Christi
587 3139 641 3198 est
659 3122 848 3206 ¹adunatus,
886 3128 973 3227 Ipso
996 3125 1037 3198 iri
1055 3117 1219 3227 ternpore
1239 3129 1420 3226 impiger*
1529 3125 1530 3149 *

427 3229 639 3300 rimusDux
652 3227 810 3302 Sucviae
830 3243 956 3328 quarta
974 3227 1267 3330 prosectionealr
1279 3231 1421 3302 Adria·-
1528 3287 1529 3296 ,

427 3327 568 3427 napoli·
592 3353 811 3428 progressus
848 3337 984 3408 invasit
1015 3334 1216 3412 civitatem„
1235 3329 1422 3404 Archa-

427 3428 712 3534 dinop'oxlim
749 3429 796 3503 ab
829 3431 1021 3508 Archadio
1060 3433 1285 3533 Imperatore
1322 3455 1422 3504 con-

423 3543 610 3634 structam,
639 3547 732 3630 quae
760 3535 961 3632 vulgariter
979 3533 1246 3634 Argiouopolis
1274 3535 1421 3618 dicitur,

426 3652 536 3730 quam
569 3635 659 3706 item
683 3635 866 3710 desertam
893 3635 1158 3724 bellatoribus,
1188 3663 1297 3734 quma
1323 3641 1421 3712 vitae

426 3738 647 3808 necessariis
675 3738 902 3828 invenimus,
942 3737 1009 3809 uhi
1044 3750 1166 3808 tamen
1199 3739 1317 3838 aliqui
1346 3761 1417 3824 no·
1526 3749 1527 3842 J

429 3846 591 3928 atrorum
610 3837 739 3910 vinum
763 3853 799 3912 et
817 3837 1037 3912 frumentum
1059 3841 1291 3930 invenerunt,
1320 3838 1420 3935 quod

427 3935 474 4008 ad
501 3961 588 4010 suos
607 3954 900 4039 reportaverunt.
934 3937 1067 4036 ¹Igitur
1094 3943 1290 4028 insaucia
1314 3953 1422 4012 nocte
1526 3979 1527 3996 π

425 4037 696 4139 purificationis
719 4041 757 4112 S.
774 4044 911 4116 Mariae
929 4041 1109 4132 omnibus,
1125 4043 1249 4144 quide
1272 4043 1419 4144 glorio-
1525 4101 1526 4114 ,

424 4162 466 4212 so
489 4137 629 4216 Christi
657 4147 823 4216 exercitu
837 4143 917 4216 'illo
944 4167 1026 4218 cum
1044 4145 1144 4218 Duce
1165 4151 1328 4238 iverant,
1354 4147 1418 4218 vi-

427 4265 510 4318 sum
539 4255 594 4320 est
619 4244 861 4322 memorabile
875 4249 1042 4350 signum
1088 4249 1198 4327 Nam·
1213 4251 1310 4328 circa
1333 4248 1420 4352 pri-
