3096 5194
138 684 427 794 ‘''56

374 843 406 928 it
421 859 493 942 pro
504 835 798 934 transgressione
815 826 1054 939 jurisjurandi
1068 846 1105 910 et
1116 813 1224 938 ‘pacis
1240 833 1367 910 'viola-

285 951 286 954 ’
376 943 501 1028 tione,
540 941 579 1012 in
610 938 797 1013 frumento
825 939 891 1010 aon
923 933 1046 1010 mellis
1075 951 1111 1009 et
1143 937 1370 1032 leguminum

376 1067 445 1146 per
464 1039 847 1140 singulorum-pueros
867 1037 962 1112 facta
978 1040 1117 1140 rapina.
1158 1037 1245 1130 ‘Qui
1257 1043 1371 1142 cpis-
1435 1049 1436 1056 ’

377 1169 491 1244 copus
510 1145 608 1220 inter
619 1151 736 1216 cetera
752 1139 823 1214 hoc
836 1164 1002 1214 sermone
1017 1158 1172 1214 exorsus
1187 1156 1261 1216 estc
1285 1141 1373 1244 pol-

377 1246 477 1319 lutus
507 1257 562 1317 est
582 1239 753 1346 populns
791 1239 1037 1334 anathemate,
1076 1235 1151 1348 non
1189 1267 1252 1316 ero
1287 1264 1371 1318 cnm

379 1349 454 1436 eis,
490 1341 835 1436 animandorum,
871 1345 969 1419 illud
1002 1345 1189 1420 videlicet
1213 1349 1373 1420 innuens
1411 1353 1440 1418 Q

379 1463 416 1520 et
439 1470 651 1549 proponens
681 1445 727 1518 tle
754 1443 982 1520 anathemate
1016 1445 1108 1520 furti
1137 1445 1375 1522 ierichontini

320 1575 324 1584 ·
378 1547 530 1642 Achaz,
554 1547 702 1646 quando
726 1551 836 1621 unius
859 1561 1010 1650 peccato
1030 1551 1226 1648 universus
1248 1574 1395 1652 popu-.

376 1653 436 1727 las
455 1653 607 1726 corruit.
660 1655 788 1748 Itaque
808 1650 958 1724 ‹lonnino
982 1653 1166 1750 aspirante
1186 1653 1269 1752 ipso
1288 1677 1375 1732 ser-

377 1779 486 1830 mone
501 1776 568 1854 per
589 1751 728 1846 milites
746 1753 955 1852 specialiter
973 1753 1377 1852 retlargutostomnium
1417 1811 1420 1824 .

378 1854 600 1959 generaliter
618 1855 869 1946 sortientium,
889 1873 989 1954 ¹quae
1005 1861 1124 1956 nuper
1143 1867 1372 1942 excreverat,

271 1979 274 1990 ¹
376 1977 454 2030 non
482 1953 670 2040 modicum
696 1959 817 2056 sopita
850 1971 906 2028 eat
939 1957 1147 2030 insolentia.
1198 1953 1376 2042 Prutlenti

380 2055 516 2145 deinde
530 2059 586 2129 ‚in
615 2053 778 2130 sutorum
810 2059 1137 2159 circumspectione
1174 2059 1378 2140 exercitum

378 2180 446 2262 per
463 2163 603 2232 tiirmas
622 2158 773 2250 divisit,
798 2183 844 2232 ne
864 2162 1085 2260 quandoque
1102 2157 1221 2232 hostis
1240 2182 1377 2260 super·
1449 2148 1451 2159 ’

326 2299 330 2306 -
364 2263 534 2354 'veniens
552 2263 738 2362 inparatos
760 2275 795 2333 et
817 2261 1057 2336 exordinatos
1076 2261 1213 2354 milites
1234 2259 1398 2334 Christi

381 2363 577 2444 inveniret.
631 2358 678 2435 Et
704 2365 868 2463 primam
898 2364 1049 2464 quidem
1078 2365 1238 2436 instituit
1261 2363 1379 2435 aciem

380 2465 455 2537 filii
475 2466 536 2536 sui
554 2461 735 2559 Friilerici
754 2463 913 2550 illustris
934 2463 1037 2536 ducis
1056 2463 1213 2536 Sneviae
1238 2477 1274 2538 et
1293 2487 1398 2536 cunt·

371 2565 427 2645 ‘eo
443 2567 724 2740 Ratis'ponensis
741 2569 906 2668 episcopi
919 2562 1111 2639 Chunrarli
1130 2579 1166 2637 et
1182 2561 1378 2637 march'io-'

373 2669 441 2760 riis
466 2665 513 2738 de
571 2662 715 2740 oburcli
745 2663 941 2739 Berthohti
968 2670 1130 2765 itemque
1150 2663 1378 2740 marchionis

381 2767 429 2841 tle
451 2765 569 2842 Patlin
587 2765 789 2841 Hermanni
810 2768 983 2842 militiam
1010 2783 1046 2842 et
1068 2771 1110 2847 V.
1131 2772 1304 2850 comitum
1329 2789 1401 2840 ex*
1436 2793 1438 2798 ·

369 2867 519 2943 'Saenia
543 2883 578 2942 et
595 2869 661 2944 lv.
682 2871 856 2963 comitum
875 2894 924 2944 ex
945 2869 1147 2961 Banaria,'
1161 2871 1263 2972 cnjus
1285 2869 1379 2968 aciei

382 2969 624 3045 vexillarium
654 2969 795 3069 placuit
824 2997 903 3044 esse
939 2970 1181 3047 Bertholdnm
1212 2975 1381 3044 comitem
1435 3040 1437 3050 ,

381 3071 429 3144 tle
450 3071 687 3148 Ncunlmrch.
729 3073 933 3162 Secundam
947 3087 1066 3147 autem
1087 3079 1202 3147 aciem
1212 3074 1380 3156 Boemo-

385 3199 470 3252 rum
497 3187 533 3245 et
557 3173 827 3274 Ungariorum,
860 3189 1017 3274 utraque
1051 3191 1159 3277 gente
1187 3177 1381 3276 proprium

179 3317 184 3332 ·
286 3326 304 3360 ,ι
382 3272 540 3348 habente
582 3277 810 3378 signiferum.
881 3279 1050 3352 Tertiam
1081 3281 1200 3350 aciem
1239 3273 1412 3372 egregii

278 3437 280 3440 .
381 3374 489 3452 (lincis
511 3377 714 3452 Dalmatiae
746 3375 943 3460 Pcrtholdi
968 3393 1004 3451 et
1031 3381 1090 3455 Vl.
1120 3380 1379 3479 episcoporum

384 3475 676 3574 venerabilium,
721 3479 863 3554 scilicet
891 3480 1238 3581 Wierzpnrgcnsis,
1277 3473 1380 3580 ejus-7

323 3650 325 3659 ,
383 3577 543 3677 demque
579 3579 684 3655 ducis
724 3580 916 3666 orientalis
946 3583 1169 3662 Franconiae
1201 3575 1376 3668 Gotlridi,
1424 3647 1428 3656 .

384 3679 624 3756 Leodicensia
643 3683 810 3774 liudolfi,
837 3685 1063 3758 Pataviensis
1082 3681 1277 3784 Diepoltli,
1302 3681 1382 3754 Ba-

383 3782 550 3855 niliensis
589 3786 782 3875 Heinrici,
827 3787 1125 3860 Monosteriensis
1169 3783 1381 3872 Hermanni‚

385 3884 863 3985 Osinbirrge'nsisArnoltli,
886 3885 988 3988 cujus
1007 3886 1228 3960 vexillarius
1247 3884 1379 3982 desig-

384 3996 491 4058 natus
513 4001 568 4060 est
585 3989 862 4064 ‹lux'Meraniae
883 3989 1254 4088 etWierzpnrgensis
1267 3989 1381 4088 cpis-

384 4089 471 4186 copi
496 4091 703 4186 specialiter
722 4091 849 4191 Poppo
871 4112 991 4162 comcs
1018 4089 1193 4165 videlicet
1212 4088 1258 4162 de
1273 4091 1378 4164 Hen-

325 4273 327 4277 v
384 4187 552 4265 niberch·
611 4191 785 4284 Quartam
809 4204 997 4293 praeterea
1034 4191 1223 4266 constituit
1248 4191 1380 4264 scinnet

360 4365 362 4374 ,
385 4291 616 4396 imperialem
636 4296 774 4388 aciem,
810 4297 851 4373 ia
876 4315 948 4396 qna
974 4305 1053 4371 erat
1081 4291 1380 4398 archiepiscopus
