3096 5194
308 645 311 653 '
408 657 430 712 2

399 769 490 887 iris,
516 801 553 862 et
570 789 634 892 pia
649 770 905 890 compassione
936 785 1207 867 uuorentumm
1239 788 1405 866 conlidiss

400 911 500 968 *mum
551 894 636 994 ipso
655 893 775 980 enim,
803 893 870 990 qui
896 890 1052 992 abjecit,
1077 891 1337 988 miserebitur,
1369 907 1406 968 et

407 994 474 1092 qui
497 994 699 1096 percussit,
727 991 890 1084 aasabim
915 995 967 1066 ita
992 993 1188 1090 viridiset,
1222 1008 1264 1068 ut
1295 995 1410 1100 nobis,

288 1145 295 1167 ,
319 1186 323 1198 Ι
406 1093 780 1198 super-viventibus
803 1087 988 1175 terrestris
1001 1093 1204 1170 Jerusalem
1223 1100 1403 1172 restitua-

406 1209 467 1274 tur
487 1209 524 1270 et
538 1196 781 1272 morientibus
796 1221 868 1296 pro
887 1178 1050 1296 ejusdem
1068 1207 1189 1270 terrae
1200 1217 1404 1300 recupera-

404 1302 506 1374 tione
528 1313 703 1378 astemoe,
713 1302 816 1400 pacis
835 1301 933 1375 vtoo
951 1301 992 1376 io
1012 1298 1080 1371 illa
1101 1299 1251 1376 coelesti
1269 1306 1418 1402 patria·

405 1401 508 1504 oujus
525 1403 628 1478 oives
645 1426 685 1476 so
703 1425 796 1490 &3885
810 1423 884 1502 per
896 1398 1125 1500 triumphum
1142 1403 1298 1502 gloriosi
1317 1430 1403 1478 oer-

404 1505 562 1578 taminia¹
586 1499 856 1605 comprobant}
898 1497 1139 1578 inhabitanda
1168 1505 1402 1585 concedatur.

402 1605 482 1684 Nos
507 1608 631 1704 itaque
659 1607 757 1678 inter
784 1618 925 1678 ceteras
949 1617 986 1676 et
1007 1605 1093 1704 post
1113 1621 1275 1700 ceteras,
1311 1609 1425 1706 quas'

404 1710 553 1809 saepius
580 1731 689 1808 passa
720 1721 794 1792 est,
832 1731 964 1804 gravas
991 1707 1262 1798 desolationes,
1297 1711 1425 1786 illam

405 1824 482 1910 qua·
506 1833 600 1882 auno
623 1808 910 1886 MCLXXXVH
932 1807 1004 1880 sub
1034 1809 1302 1906 gloriosissimo
1319 1817 1401 1888 lm-
1491 1846 1495 1866 =

404 1925 576 2012 peratore
604 1909 793 2005 Frirlerico
822 1911 1073 1984 Romanorum
1102 1928 1256 2011 augusto
1279 1927 1302 1984 a
1324 1913 1400 1985 Sa·-

401 2015 530 2088 ladiuo
548 2012 773 2110 babylonico
786 2015 948 2113 grassari
965 2014 1087 2114 coepit
1104 2013 1256 2086 ootlesia
1273 2027 1399 2088 trous·-

403 2118 566 2205 marina,
594 2129 769 2214 quantum
790 2141 840 2190 ox
868 2115 1031 2192 veridica
1057 2113 1236 2196 relations
1261 2119 1403 2206 eorum,

398 2220 469 2317 spui
490 2214 579 2290 huio
598 2219 805 2320 captivitati
823 2216 1088 2306 interfuerunt,
1115 2219 1305 2320 peruipere
1324 2239 1399 2318 po-

403 2321 479 2403 tui,
501 2323 658 2402 'narrare
677 2324 879 2422 proposui,
904 2343 980 2391 non
1002 2317 1216 2405 historiam,
1252 2319 1315 2393 sul
1338 2319 1400 2390 la-

371 2461 372 2464 *
402 2421 873 2520 crimabilam'lrugoerliam
887 2425 1062 2520 persequi
1076 2425 1275 2518 cupientes.
1303 2419 1399 2520 Epi-

356 2541 358 2548 ·
403 2523 536 2599 stolam
558 2527 689 2609 etium,
717 2547 825 2619 quam
850 2524 1089 2594 transmarini
1116 2519 1324 2594 'oisnrarinis
1352 2521 1399 2594 ‹lo

263 2661 265 2668 ·
367 2622 477 2712 ,hoo
508 2627 592 2727 ipso
622 2623 777 2724 lugubri
800 2647 886 2696 casu
917 2627 1173 2736 scripserunt‚'
1202 2627 1246 2696 in
1277 2625 1419 2725 capite'

402 2722 514 2833 hujus
537 2751 662 2830 operm
688 2735 827 2829 ponere
845 2725 1000 2824 dignum
1018 2723 1193 2826 purlicavi.
1222 2749 1226 2756 ’

498 2831 633 2906 Notum
654 2827 810 2904 lucianus
827 2829 937 2902 vobis
953 2827 1115 2902 ¹domino
1144 2823 1398 2906 Archumbal-

335 2936 338 2949 '
401 2929 473 3017 ulo,
499 2933 676 3032 magistro
701 2927 990 3036 hospitaliorum
1010 2931 1138 3003 Italiae
1161 2944 1198 3001 et
1216 2929 1396 3004 iratribus

399 3029 524 3107 omnia
563 3035 741 3134 negotia,
789 3059 882 3134 quae
916 3049 1117 3106 evenerunt
1146 3033 1397 3105 ultramarinis
1464 3035 1468 3045 “

400 3136 581 3238 partibus.
634 3135 766 3233 Sciatis
782 3139 916 3236 igitur,
945 3135 1047 3234 quod
1072 3160 1142 3209 rex
1165 3133 1396 3209 Hierusalem

401 3249 479 3310 erat
504 3235 602 3338 apuli
628 3235 832 3338 Sephoram
859 3240 957 3310 eirca
983 3237 1116 3310 festum
1142 3235 1397 3337 apestolorum

398 3339 503 3412 Petri
519 3353 560 3411 ot
581 3337 686 3412 Pauli
705 3349 942 3438 cummagno
964 3343 1151 3426 exercitu,
1187 3337 1396 3410 benacum

301 3465 302 3472 ¹
398 3443 550 3540 triginta
572 3440 737 3514 millibus
754 3439 957 3532 hominum,
976 3457 1011 3515 et
1029 3457 1106 3516 erat
1119 3441 1215 3514 bene
1233 3459 1397 3511 concor·-

399 3543 504 3616 ‹latus
531 3567 613 3618 cum
640 3545 774 3618 comite
798 3544 1057 3646 Tripolitano,
1097 3559 1134 3617 et
1159 3565 1280 3615 corros
1313 3565 1397 3614 oum

400 3645 467 3736 illo
489 3659 565 3717 arat
583 3671 665 3718 crau]
688 3650 854 3720 exercitu
875 3640 971 3719 suo.''
1006 3647 1053 3720 Et
1086 3670 1168 3718 ecce
1200 3641 1395 3716 saladinus

398 3771 476 3824 reu¹
515 3769 651 3846 aganus
665 3753 816 3822 accessit
834 3749 880 3820 aul
897 3751 932 3824 T
933 3749 1095 3830 aloariarn
1113 3773 1196 3821 cum
1208 3739 1414 3822 LXXXtu·¹

401 3770 568 3924 mill'ilms
585 3853 760 3949 equitum,
788 3865 824 3924 et
843 3853 941 3952 cepit
963 3851 1175 3932 Tabariam.
1215 3849 1296 3923 Hoc
1313 3845 1394 3920 sac-

402 3966 441 4026 to
460 3955 575 4025 movit
591 3959 662 4026 rex'
676 3952 906 4027 Hierusalem
919 3953 966 4026 ‹le
979 3951 1145 4056 Saphora
1158 3967 1197 4026 et
1215 3951 1294 4024 ibat
1313 3971 1395 4022 curn

401 4055 479 4130 suis
500 4055 700 4130 instructus
722 4071 848 4130 contra
869 4054 1105 4146 Salarlinum,
1141 4069 1176 4130 et
1198 4050 1395 4128 Saladinus

399 4159 501 4238 vonit
519 4170 643 4230 contra
667 4156 777 4234 illum
796 4157 895 4260 opud
911 4160 1165 4232 Marestutiam
1181 4161 1222 4234 iu
1238 4155 1300 4229 die
1315 4155 1397 4228 Ve-

400 4259 501 4332 neris
530 4273 614 4360 post
637 4257 772 4336 festum
800 4261 1050 4363 apostolorum
1076 4261 1181 4351 Petri
1211 4272 1247 4334 et
1275 4255 1395 4344 Pauli,
